<record><leader>00000cas a2200000 a 4500</leader><controlfield tag="001">9357425</controlfield><controlfield tag="008">830329d18181822ohuwr ne      0    0eng c</controlfield><datafield ind1=" " ind2=" " tag="010"><subfield code="a">sn 83045186 </subfield></datafield><datafield ind1=" " ind2=" " tag="040"><subfield code="a">CRL</subfield><subfield code="b">eng</subfield><subfield code="c">CRL</subfield><subfield code="d">NPW</subfield><subfield code="d">NPV</subfield><subfield code="d">DLC</subfield><subfield code="d">NPX</subfield><subfield code="d">NPU</subfield><subfield code="d">ONP</subfield><subfield code="d">KNP</subfield><subfield code="d">ONP</subfield><subfield code="d">KNP</subfield><subfield code="d">CNK</subfield><subfield code="d">NVF</subfield><subfield code="d">CVF</subfield><subfield code="d">OCL</subfield><subfield code="d">CRL</subfield><subfield code="d">DLC</subfield><subfield code="d">OCLCQ</subfield><subfield code="d">OCLCF</subfield></datafield><datafield ind1="1" ind2=" " tag="029"><subfield code="a">AU@</subfield><subfield code="b">000002658522</subfield></datafield><datafield ind1=" " ind2=" " tag="042"><subfield code="a">pcc</subfield></datafield><datafield ind1=" " ind2=" " tag="043"><subfield code="a">n-us-oh</subfield></datafield><datafield ind1="0" ind2="0" tag="050"><subfield code="a">Newspaper 9247</subfield></datafield><datafield ind1="0" ind2="0" tag="245"><subfield code="a">Cincinnati inquisitor advertiser.</subfield></datafield><datafield ind1=" " ind2=" " tag="260"><subfield code="a">Cincinnati [Ohio] :</subfield><subfield code="b">Cooke, Powers, &amp; Penney,</subfield><subfield code="c">1818-1822.</subfield></datafield><datafield ind1=" " ind2=" " tag="300"><subfield code="a">v.</subfield></datafield><datafield ind1=" " ind2=" " tag="310"><subfield code="a">Weekly</subfield></datafield><datafield ind1="0" ind2=" " tag="362"><subfield code="a">Vol. 1, no. 7 (Aug. 4, 1818)-v. 3, no. 147 (Apr. 12, 1821); new ser., v. 1, no. 1 (Apr. 17, 1821)-new ser., v. 2, no. 90 (Dec. 31, 1822) = Whole no. 148-whole no. 236.</subfield></datafield><datafield ind1=" " ind2=" " tag="500"><subfield code="a">"Inquisitor" appears in small letters above the title ornament.</subfield></datafield><datafield ind1=" " ind2=" " tag="530"><subfield code="a">Also issued on microfilm from Readex Microfilm Products (filmed with other items).</subfield></datafield><datafield ind1=" " ind2="0" tag="651"><subfield code="a">Cincinnati (Ohio)</subfield><subfield code="v">Newspapers.</subfield></datafield><datafield ind1=" " ind2="7" tag="655"><subfield code="a">Newspapers.</subfield><subfield code="2">fast</subfield><subfield code="0">(OCoLC)fst01423814</subfield></datafield><datafield ind1=" " ind2="7" tag="651"><subfield code="a">Ohio</subfield><subfield code="z">Cincinnati.</subfield><subfield code="2">fast</subfield><subfield code="0">(OCoLC)fst01205142</subfield></datafield><datafield ind1="1" ind2=" " tag="700"><subfield code="a">Cooke, Edward Bronson,</subfield><subfield code="d">1793-1875.</subfield></datafield><datafield ind1="1" ind2=" " tag="700"><subfield code="a">Powers, Benjamin Franklin,</subfield><subfield code="d">1798-1860.</subfield></datafield><datafield ind1="1" ind2=" " tag="700"><subfield code="a">Penney, Thomas.</subfield></datafield><datafield ind1=" " ind2=" " tag="752"><subfield code="a">United States</subfield><subfield code="b">Ohio</subfield><subfield code="c">Hamilton</subfield><subfield code="d">Cincinnati.</subfield></datafield><datafield ind1="0" ind2="0" tag="780"><subfield code="t">Inquisitor and Cincinnati advertiser</subfield><subfield code="w">(DLC)sn 85042267</subfield><subfield code="w">(OCoLC)12033344</subfield></datafield><datafield ind1="0" ind2="0" tag="785"><subfield code="t">Cincinnati advertiser</subfield><subfield code="w">(DLC)sn 83045187</subfield><subfield code="w">(OCoLC)9357272</subfield></datafield></record>